@manual{intel2017man,
  author = {{Intel Corporation}},
  title = {Intel 64 and IA-32 Architectures Software Developer’s Manual},
  year = {2016},
  month = apr,
  organization = {Intel Corporation},
  note = {\url{http://www.intel.com/content/www/us/en/processors/architectures-software-developer-manuals.html},
   visited 2017-08-19}
}

@manual{aufgabenstellung,
	author = {{Aspekte der systemnahen Programmierung bei der Spieleentwicklung}},
	title = {Praktikum ASP – Projektaufgabe A214},
	year = {2021},
	month = jan,
	organization = {Technische Universität München Lehrstuhl für Rechnerarchitektur und parallele Systeme},
	note = {}
}

@manual{raumKurven,
	author = {{Albert Maas}},
	title = {Hauptseminar: Oktalbäume und hierarchische Basen Thema: Raumfüllende Kurven},
	year = {2003},
	month = jun,
	organization = {Technische Universität München Institut für Informatik},
	note = {}
}